<record><leader>00000cas a22000007a 4500</leader><controlfield tag="001">13263850</controlfield><controlfield tag="008">860307d18411842vauir ne      0    0eng d</controlfield><datafield ind1=" " ind2=" " tag="010"><subfield code="a">sn 86053168 </subfield></datafield><datafield ind1=" " ind2=" " tag="040"><subfield code="a">NPX</subfield><subfield code="b">eng</subfield><subfield code="c">NPX</subfield><subfield code="d">DLC</subfield><subfield code="d">NVK</subfield><subfield code="d">OCL</subfield><subfield code="d">NVK</subfield><subfield code="d">OCLCO</subfield></datafield><datafield ind1="1" ind2=" " tag="029"><subfield code="a">AU@</subfield><subfield code="b">000020127505</subfield></datafield><datafield ind1=" " ind2=" " tag="042"><subfield code="a">msc</subfield></datafield><datafield ind1="0" ind2="0" tag="050"><subfield code="a">Newspaper 10036</subfield></datafield><datafield ind1="0" ind2=" " tag="130"><subfield code="a">Index (Alexandria, Va.)</subfield></datafield><datafield ind1="0" ind2="0" tag="245"><subfield code="a">Index.</subfield></datafield><datafield ind1="1" ind2="3" tag="246"><subfield code="a">Evening index</subfield><subfield code="f">&lt;June 2-July 15, 1842&gt;</subfield></datafield><datafield ind1=" " ind2=" " tag="260"><subfield code="a">Alexandria, D.C. [i.e., Va.] :</subfield><subfield code="b">John M. Johnson,</subfield></datafield><datafield ind1=" " ind2=" " tag="300"><subfield code="a">v. ;</subfield><subfield code="c">58 cm.</subfield></datafield><datafield ind1=" " ind2=" " tag="310"><subfield code="a">Triweekly,</subfield><subfield code="b">&lt;July 19-Aug. 12, 1842&gt;</subfield></datafield><datafield ind1=" " ind2=" " tag="321"><subfield code="a">Semiweekly,</subfield><subfield code="b">&lt;Aug. 21-Nov. 30, 1841&gt;</subfield></datafield><datafield ind1=" " ind2=" " tag="321"><subfield code="a">Triweekly,</subfield><subfield code="b">&lt;Dec. 4, 1841-May 24, 1842</subfield></datafield><datafield ind1=" " ind2=" " tag="321"><subfield code="a">Daily,</subfield><subfield code="b">&lt;June 2-July 15, 1842&gt;</subfield></datafield><datafield ind1="0" ind2=" " tag="362"><subfield code="a">Vol. 1, no. 1 (Aug. 21, 1841)-</subfield></datafield><datafield ind1="1" ind2=" " tag="362"><subfield code="a">Ceased in Aug. (?), 1842 (?).</subfield></datafield><datafield ind1=" " ind2=" " tag="500"><subfield code="a">Sometimes published as: Evening index.</subfield></datafield><datafield ind1=" " ind2=" " tag="500"><subfield code="a">Imprint varies: Washington, D.C., May 3, 1842-</subfield></datafield><datafield ind1=" " ind2=" " tag="500"><subfield code="a">Editor: Jesse E. Dow, &lt;1842&gt;.</subfield></datafield><datafield ind1=" " ind2=" " tag="515"><subfield code="a">June 15-July 15, 1842 issues numbered vol. 1, no. 1-vol. 1, no. 37; July 19, 1842 resumes earlier numbering with vol. 1, no. 96; Aug. 27, 1842 issue numbered vol. 1, no.1.</subfield></datafield><datafield ind1=" " ind2="0" tag="651"><subfield code="a">Alexandria (D.C.)</subfield><subfield code="v">Newspapers.</subfield></datafield><datafield ind1=" " ind2="0" tag="651"><subfield code="a">Alexandria (Va.)</subfield><subfield code="v">Newspapers.</subfield></datafield><datafield ind1=" " ind2="0" tag="651"><subfield code="a">Washington (D.C.)</subfield><subfield code="v">Newspapers.</subfield></datafield><datafield ind1="1" ind2=" " tag="700"><subfield code="a">Dow, Jesse E.</subfield></datafield><datafield ind1=" " ind2=" " tag="752"><subfield code="a">United States</subfield><subfield code="b">District of Columbia</subfield><subfield code="d">Washington.</subfield></datafield><datafield ind1=" " ind2=" " tag="752"><subfield code="a">United States</subfield><subfield code="b">Virginia</subfield><subfield code="d">Alexandria.</subfield></datafield><datafield ind1=" " ind2=" " tag="752"><subfield code="a">United States</subfield><subfield code="b">District of Columbia</subfield><subfield code="d">Alexandria.</subfield></datafield><datafield ind1="0" ind2="0" tag="785"><subfield code="t">Index (Washington, D.C.)</subfield><subfield code="w">(DLC)sn 86071558</subfield></datafield></record>